
@inproceedings{imms-sat18,
	  author    = {Alexey Ignatiev and
		                 Antonio Morgado and
							                Joao Marques{-}Silva},
	    title     = {{PySAT:} {A} {Python} Toolkit for Prototyping
			               with {SAT} Oracles},
		  booktitle = {SAT},
		    pages     = {428--437},
			  year      = {2018},
			    url       = {https://doi.org/10.1007/978-3-319-94144-8_26},
				  doi       = {10.1007/978-3-319-94144-8_26}
}
@misc{wolf2019yosys,
	  title={Yosys manual},
	    author={Wolf, Clifford}
}


@InProceedings{SciPyProceedings_11,
	  author =       {Aric A. Hagberg and Daniel A. Schult and Pieter J. Swart},
	    title =        {Exploring Network Structure, Dynamics, and Function using NetworkX},
		  booktitle =   {{Proceedings of the 7th Python in Science Conference (SciPy2008)}},
		    pages =     {11 - 15},
			  address = {Pasadena, CA USA},
			    year =      {2008},
				  editor =    {Ga\"el Varoquaux and Travis Vaught and Jarrod Millman},
}

