@misc{AASteamHendrickson2018aastex62,
  author       = {{AAS Journals Team} and
                  {Hendrickson}, Amy},
  title        = {{AASJournals/AASTeX60: Version 6.2 official release}},
  month        = feb,
  year         = 2018,
  doi          = {10.5281/zenodo.1209290},
  url          = {https://doi.org/10.5281/zenodo.1209290}
}

@ARTICLE{Astropycollab2013aaAstropy,
  author = {{Astropy Collaboration} and {Robitaille}, T.~P. and {Tollerud}, E.~J. and
        {Greenfield}, P. and {Droettboom}, M. and {Bray}, E. and {Aldcroft}, T. and
        {Davis}, M. and {Ginsburg}, A. and {Price-Whelan}, A.~M. and
        {Kerzendorf}, W.~E. and {Conley}, A. and {Crighton}, N. and
        {Barbary}, K. and {Muna}, D. and {Ferguson}, H. and {Grollier}, F. and
        {Parikh}, M.~M. and {Nair}, P.~H. and {Unther}, H.~M. and {Deil}, C. and
        {Woillez}, J. and {Conseil}, S. and {Kramer}, R. and {Turner}, J.~E.~H. and
        {Singer}, L. and {Fox}, R. and {Weaver}, B.~A. and {Zabalza}, V. and
        {Edwards}, Z.~I. and {Azalee Bostroem}, K. and {Burke}, D.~J. and
        {Casey}, A.~R. and {Crawford}, S.~M. and {Dencheva}, N. and
        {Ely}, J. and {Jenness}, T. and {Labrie}, K. and {Lim}, P.~L. and
        {Pierfederici}, F. and {Pontzen}, A. and {Ptak}, A. and {Refsdal}, B. and
        {Servillat}, M. and {Streicher}, O.},
   title = "{Astropy: A community Python package for astronomy}",
 journal = {\aap},
archivePrefix = "arXiv",
  eprint = {1307.6212},
primaryClass = "astro-ph.IM",
keywords = {methods: data analysis, methods: miscellaneous, virtual observatory tools},
    year = 2013,
   month = oct,
  volume = 558,
     eid = {A33},
   pages = {A33},
     doi = {10.1051/0004-6361/201322068},
  adsurl = {http://adsabs.harvard.edu/abs/2013A%26A...558A..33A},
 adsnote = {Provided by the SAO/NASA Astrophysics Data System}
}

@ARTICLE{BeaulieuEtal2010arxivGJ436b,
   author = {{Beaulieu}, J.-P. and {Tinetti}, G. and {Kipping}, D.~M. and
        {Ribas}, I. and {Barber}, R.~J. and {Cho}, J.~Y.-K. and {Polichtchouk}, I. and
        {Tennyson}, J. and {Yurchenko}, S.~N. and {Griffith}, C.~A. and
        {Batista}, V. and {Waldmann}, I. and {Miller}, S. and {Carey}, S. and
        {Mousis}, O. and {Fossey}, S.~J. and {Aylward}, A.},
    title = "Methane in the Atmosphere of the Transiting Hot {Neptune GJ436b}?",
  journal = {\apj},
   eprint = {arXiv:1007.0324},
 primaryClass = "astro-ph.EP",
 keywords = {planetary systems, techniques: spectroscopic},
     year = 2010,
    month = apr,
   volume = 731,
    pages = {16},
      doi = {10.1088/0004-637X/731/1/16},
   adsurl = {http://adsabs.harvard.edu/abs/2010arXiv1007.0324B},
  adsnote = {Provided by the SAO/NASA Astrophysics Data System}
}

@ARTICLE{BurbidgeEtal1957rvmpStellarElementSynthesis,
       author = {{Burbidge}, E. Margaret and {Burbidge}, G.~R. and {Fowler}, William A.
        and {Hoyle}, F.},
        title = "{Synthesis of the Elements in Stars}",
      journal = {Reviews of Modern Physics},
         year = 1957,
        month = Jan,
       volume = {29},
        pages = {547-650},
          doi = {10.1103/RevModPhys.29.547},
       adsurl = {https://ui.adsabs.harvard.edu/abs/1957RvMP...29..547B},
      adsnote = {Provided by the SAO/NASA Astrophysics Data System}
}

@ARTICLE{CubillosEtal2013apjWASP8b,
       author = {{Cubillos}, Patricio and {Harrington}, Joseph and {Madhusudhan}, Nikku
        and {Stevenson}, Kevin B. and {Hardy}, Ryan A. and {Blecic},
        Jasmina and {Anderson}, David R. and {Hardin}, Matthew and
        {Campo}, Christopher J.},
        title = "{WASP-8b: Characterization of a Cool and Eccentric Exoplanet with Spitzer}",
      journal = {\apj},
     keywords = {planetary systems, stars: individual: WASP-8, techniques: photometric, Astrophysics - Earth and Planetary Astrophysics},
         year = 2013,
        month = May,
       volume = {768},
          eid = {42},
        pages = {42},
          doi = {10.1088/0004-637X/768/1/42},
archivePrefix = {arXiv},
       eprint = {1303.5468},
 primaryClass = {astro-ph.EP},
       adsurl = {https://ui.adsabs.harvard.edu/abs/2013ApJ...768...42C},
      adsnote = {Provided by the SAO/NASA Astrophysics Data System}
}

@ARTICLE{Cubillos2016phdThesis,
       author = {{Cubillos}, Patricio E.},
        title = "{Characterizing Exoplanet Atmospheres: From Light-curve Observations to Radiative-transfer Modeling}",
      journal = {arXiv e-prints},
     keywords = {Astrophysics - Earth and Planetary Astrophysics},
         year = 2016,
        month = Apr,
          eid = {arXiv:1604.01320},
        pages = {arXiv:1604.01320},
archivePrefix = {arXiv},
       eprint = {1604.01320},
 primaryClass = {astro-ph.EP},
       adsurl = {https://ui.adsabs.harvard.edu/abs/2016arXiv160401320C},
      adsnote = {Provided by the SAO/NASA Astrophysics Data System}
}

@ARTICLE{CubillosEtal2017apjRednoise,
       author = {{Cubillos}, Patricio and {Harrington}, Joseph and {Loredo}, Thomas J.
        and {Lust}, Nate B. and {Blecic}, Jasmina and {Stemm}, Madison},
        title = "{On Correlated-noise Analyses Applied to Exoplanet Light Curves}",
      journal = {\aj},
     keywords = {methods: statistical, planets and satellites: fundamental parameters, techniques: photometric, Astrophysics - Earth and Planetary Astrophysics},
         year = 2017,
        month = Jan,
       volume = {153},
          eid = {3},
        pages = {3},
          doi = {10.3847/1538-3881/153/1/3},
archivePrefix = {arXiv},
       eprint = {1610.01336},
 primaryClass = {astro-ph.EP},
       adsurl = {https://ui.adsabs.harvard.edu/abs/2017AJ....153....3C},
      adsnote = {Provided by the SAO/NASA Astrophysics Data System}
}

@ARTICLE{Curtis1917paspIslandUniverseTheory,
   author = {{Curtis}, H.~D.},
    title = "{Novae in the Spiral Nebulae and the Island Universe Theory}",
  journal = {\pasp},
     year = 1917,
    month = oct,
   volume = 29,
    pages = {206-207},
      doi = {10.1086/122632},
   adsurl = {http://adsabs.harvard.edu/abs/1917PASP...29..206C},
  adsnote = {Provided by the SAO/NASA Astrophysics Data System}
}

@Article{Hunter2007ieeeMatplotlib,
  Author    = {{Hunter}, J. D.},
  Title     = {Matplotlib: A 2D graphics environment},
  Journal   = {Computing In Science \& Engineering},
  Volume    = {9},
  Number    = {3},
  Pages     = {90--95},
  abstract  = {Matplotlib is a 2D graphics package used for Python
  for application development, interactive scripting, and
  publication-quality image generation across user
  interfaces and operating systems.},
  publisher = {IEEE COMPUTER SOC},
  doi       = {10.1109/MCSE.2007.55},
  year      = 2007
}

@Misc{JonesEtal2001scipy,
  author = {Eric Jones and Travis Oliphant and Pearu Peterson and others},
  title  = {{SciPy}: Open source scientific tools for {Python}},
  year   = {2001},
  url    = "http://www.scipy.org/",
}

@article{MeurerEtal2017pjcsSYMPY,
    title = {SymPy: symbolic computing in Python},
   author = {Meurer, Aaron and Smith, Christopher P. and Paprocki, Mateusz and \v{C}ert\'{i}k, Ond\v{r}ej and Kirpichev, Sergey B. and Rocklin, Matthew and Kumar, AMiT and Ivanov, Sergiu and Moore, Jason K. and Singh, Sartaj and Rathnayake, Thilina and Vig, Sean and Granger, Brian E. and Muller, Richard P. and Bonazzi, Francesco and Gupta, Harsh and Vats, Shivam and Johansson, Fredrik and Pedregosa, Fabian and Curry, Matthew J. and Terrel, Andy R. and Rou\v{c}ka, \v{S}t\v{e}p\'{a}n and Saboo, Ashutosh and Fernando, Isuru and Kulal, Sumith and Cimrman, Robert and Scopatz, Anthony},
     year = 2017,
    month = jan,
 keywords = {Python, Computer algebra system, Symbolics},
   volume = 3,
    pages = {e103},
  journal = {PeerJ Computer Science},
     issn = {2376-5992},
      url = {https://doi.org/10.7717/peerj-cs.103},
      doi = {10.7717/peerj-cs.103}
}

@Article{PerezGranger2007cseIPython,
  Author    = {{P\'erez}, F. and {Granger}, B.~E.},
  Title     = {{IP}ython: a System for Interactive Scientific Computing},
  Journal   = {Computing in Science and Engineering},
  Volume    = {9},
  Number    = {3},
  Pages     = {21--29},
  month     = may,
  year      = 2007,
  url       = "http://ipython.org",
  ISSN      = "1521-9615",
  doi       = {10.1109/MCSE.2007.53},
  publisher = {IEEE Computer Society},
}

@ARTICLE{Shapley1918apjDistanceGlobularClusters,
   author = {{Shapley}, H.},
    title = "{Studies based on the colors and magnitudes in stellar clusters. VII. The distances, distribution in space, and dimensions of 69 globular clusters.}",
  journal = {\apj},
     year = 1918,
    month = oct,
   volume = 48,
      doi = {10.1086/142423},
   adsurl = {http://adsabs.harvard.edu/abs/1918ApJ....48..154S},
  adsnote = {Provided by the SAO/NASA Astrophysics Data System}
}

@ARTICLE{ShowmanEtal2009apjRadGCM,
       author = {{Showman}, Adam P. and {Fortney}, Jonathan J. and {Lian}, Yuan and
        {Marley}, Mark S. and {Freedman}, Richard S. and {Knutson},
        Heather A. and {Charbonneau}, David},
        title = "{Atmospheric Circulation of Hot Jupiters: Coupled Radiative-Dynamical General Circulation Model Simulations of HD 189733b and HD 209458b}",
      journal = {\apj},
     keywords = {atmospheric effects, methods: numerical, planets and satellites: general, planets and satellites: individual: HD 209458b HD 189733b, Astrophysics},
         year = 2009,
        month = Jul,
       volume = {699},
        pages = {564-584},
          doi = {10.1088/0004-637X/699/1/564},
archivePrefix = {arXiv},
       eprint = {0809.2089},
 primaryClass = {astro-ph},
       adsurl = {https://ui.adsabs.harvard.edu/abs/2009ApJ...699..564S},
      adsnote = {Provided by the SAO/NASA Astrophysics Data System}
}

pdf: Slipher1913.pdf
@ARTICLE{Slipher1913lobAndromedaRarialVelocity,
       author = {{Slipher}, V.~M.},
        title = "{The radial velocity of the Andromeda Nebula}",
      journal = {Lowell Observatory Bulletin},
     keywords = {GALAXIES: MOTION IN LINE OF SIGHT, ANDROMEDA GALAXY},
         year = 1913,
        month = Jan,
       volume = {1},
        pages = {56-57},
       adsurl = {https://ui.adsabs.harvard.edu/abs/1913LowOB...2...56S},
      adsnote = {Provided by the SAO/NASA Astrophysics Data System}
}

@Misc{Oliphant2006numpy,
   author = {Travis Oliphant},
    title = {{Numpy}: A guide to {NumPy}},
     year = {2006},
      url = "http://www.numpy.org/",
}

@article{vanderWaltEtal2011numpy,
   author = {St{\'{e}}fan van der Walt and S. Chris Colbert and Ga{\"{e}}l Varoquaux},
  journal = {Computing in Science \& Engineering},
   volume = {13},
   number = {},
     issn = {1521-9615},
     year = {2011},
    pages = {22-30},
      doi = {doi.ieeecomputersociety.org/10.1109/MCSE.2011.37},
publisher = {IEEE Computer Society},
  address = {Los Alamitos, CA, USA},
}

@Misc{JonesNoYearScipy,
  author = {Eric Jones},
  title  = {{SciPy}: Scientific Python},
}

@MISC{1978windEnergyReport,
        title = "{Wind energy systems: Program summary}",
 howpublished = {Unknown},
         year = 1978,
        month = dec,
       adsurl = {https://ui.adsabs.harvard.edu/abs/1978wes..rept......},
}

